<record><leader>00000cas a2200000 a 4500</leader><controlfield tag="001">10195185</controlfield><controlfield tag="008">831207c19769999caudr ne      0   a0eng c</controlfield><datafield ind1=" " ind2=" " tag="010"><subfield code="a">sn 83005344 </subfield></datafield><datafield ind1=" " ind2=" " tag="040"><subfield code="a">NSD</subfield><subfield code="b">eng</subfield><subfield code="c">NSD</subfield><subfield code="d">CNK</subfield><subfield code="d">OCLCQ</subfield><subfield code="d">CNK</subfield><subfield code="d">OCLCQ</subfield><subfield code="d">OCLCF</subfield><subfield code="d">OCLCO</subfield></datafield><datafield ind1=" " ind2=" " tag="012"><subfield code="m">1</subfield></datafield><datafield ind1="1" ind2=" " tag="022"><subfield code="a">0746-6323</subfield><subfield code="l">0746-6323</subfield><subfield code="2">1</subfield></datafield><datafield ind1="1" ind2=" " tag="029"><subfield code="a">AU@</subfield><subfield code="b">000020412192</subfield></datafield><datafield ind1=" " ind2=" " tag="032"><subfield code="a">433600</subfield><subfield code="b">USPS</subfield></datafield><datafield ind1=" " ind2=" " tag="037"><subfield code="b">Lesher Communications, Inc., 2640 Shadelands Drive, Walnut Creek, CA 94598</subfield></datafield><datafield ind1=" " ind2=" " tag="042"><subfield code="a">nsdp</subfield><subfield code="a">pcc</subfield></datafield><datafield ind1=" " ind2="0" tag="222"><subfield code="a">West County times</subfield></datafield><datafield ind1="0" ind2="0" tag="245"><subfield code="a">West County times.</subfield></datafield><datafield ind1="3" ind2="0" tag="246"><subfield code="a">Sunday times</subfield></datafield><datafield ind1=" " ind2=" " tag="260"><subfield code="a">Pinole, CA :</subfield><subfield code="b">West Contra Costa Newspapers</subfield></datafield><datafield ind1=" " ind2=" " tag="310"><subfield code="a">Daily,</subfield><subfield code="b">Nov. 14, 1983-</subfield></datafield><datafield ind1=" " ind2=" " tag="321"><subfield code="a">Frequency varies,</subfield><subfield code="b">May 5, 1976-Nov. 13, 1983</subfield></datafield><datafield ind1="0" ind2=" " tag="362"><subfield code="a">May 5, 1976-</subfield></datafield><datafield ind1=" " ind2=" " tag="500"><subfield code="a">On Sundays published as: Sunday times, June 7, 1981-</subfield></datafield><datafield ind1=" " ind2=" " tag="500"><subfield code="a">Later published in Richmond, Calif.</subfield></datafield><datafield ind1=" " ind2=" " tag="500"><subfield code="a">Published in two editions: Southwest edition; Northeast edition, May 5, 1976-May 7, 1978.</subfield></datafield><datafield ind1=" " ind2=" " tag="515"><subfield code="a">Vol. numbering begins with v. 1, no. 2 (May 12, 1976).</subfield></datafield><datafield ind1=" " ind2=" " tag="530"><subfield code="a">Master negatives are available for duplication from:</subfield><subfield code="b">California Newspaper Microfilm Archive;</subfield><subfield code="c">positive copies may be purchased by the reel; for further information consult the CNMA at:</subfield><subfield code="u">http://cbsr.ucr.edu</subfield></datafield><datafield ind1=" " ind2="0" tag="651"><subfield code="a">Contra Costa County (Calif.)</subfield><subfield code="v">Newspapers.</subfield></datafield><datafield ind1=" " ind2="7" tag="655"><subfield code="a">Newspapers.</subfield><subfield code="2">fast</subfield><subfield code="0">(OCoLC)fst01423814</subfield></datafield><datafield ind1=" " ind2="7" tag="651"><subfield code="a">California</subfield><subfield code="z">Contra Costa County.</subfield><subfield code="2">fast</subfield><subfield code="0">(OCoLC)fst01206185</subfield></datafield><datafield ind1=" " ind2=" " tag="752"><subfield code="a">United States</subfield><subfield code="b">California</subfield><subfield code="c">Contra Costa</subfield><subfield code="d">Richmond.</subfield></datafield><datafield ind1=" " ind2=" " tag="752"><subfield code="a">United States</subfield><subfield code="b">California</subfield><subfield code="c">Contra Costa</subfield><subfield code="d">Pinole.</subfield></datafield><datafield ind1="0" ind2="0" tag="780"><subfield code="t">Crockett American</subfield><subfield code="w">(DLC)sn 96061853</subfield></datafield><datafield ind1="0" ind2="0" tag="780"><subfield code="t">El Sobrante herald bee-press</subfield><subfield code="w">(DLC)sn 97069247</subfield></datafield><datafield ind1="0" ind2="0" tag="780"><subfield code="t">Pinole progress</subfield><subfield code="w">(DLC)sn 97069245</subfield></datafield><datafield ind1="0" ind2="0" tag="780"><subfield code="t">San Pablo Democrat</subfield><subfield code="w">(DLC)sn 97069246</subfield></datafield><datafield ind1="0" ind2="0" tag="780"><subfield code="t">Tri-city news (Pinole, Calif.)</subfield><subfield code="w">(DLC)sn 96061847</subfield></datafield><datafield ind1=" " ind2=" " tag="936"><subfield code="a">Nov. 23, 1983</subfield></datafield></record>